<?xml version="1.0" encoding="UTF-8"?><collection xmlns="http://www.loc.gov/MARC21/slim"><record><leader>00343nam--2200109-i-4500</leader><controlfield tag="001">000012909</controlfield><controlfield tag="002">20161230</controlfield><controlfield tag="005">20161230201030</controlfield><controlfield tag="008">060222s1000------------r-----000-0-eng-d</controlfield><datafield ind1=" " ind2=" " tag="245"><subfield code="a">Developments in solid earth geophysics vol.10: transient waves in visco-elastic media</subfield></datafield><datafield ind1=" " ind2=" " tag="260"><subfield code="a">Amsterdam, Elsevier Sci.Publ.Co., 1976</subfield></datafield><datafield ind1=" " ind2=" " tag="700"><subfield code="a">Ricker, Normann Hurd</subfield></datafield></record></collection>